@article{bernanke2005,
  title={What explains the stock market's reaction to Federal Reserve policy?},
  author={Bernanke, Ben S. and Kuttner, Kenneth N.},
  journal={The Journal of Finance},
  volume={60},
  number={3},
  pages={1221--1257},
  year={2005},
  publisher={Wiley Online Library},
  doi={10.1111/j.1540-6261.2005.00760.x}
}

@misc{fed2025,
  author={{Board of Governors of the Federal Reserve System}},
  title={Federal funds effective rate [FEDFUNDS]},
  year={2025},
  note={Retrieved from FRED, Federal Reserve Bank of St. Louis},
  url={https://fred.stlouisfed.org/series/FEDFUNDS}
}

@article{bredin2009,
  title={European monetary policy surprises: The aggregate and sectoral stock market response},
  author={Bredin, Don and Hyde, Stuart and Nitzsche, Dirk and O'Reilly, Gerard},
  journal={International Journal of Finance \& Economics},
  volume={14},
  number={2},
  pages={156--171},
  year={2009},
  publisher={Wiley Online Library},
  doi={10.1002/ijfe.341}
}

@misc{freddiemac2025,
  author={{Freddie Mac}},
  title={30-year fixed rate mortgage average in the {United States} [MORTGAGE30US]},
  year={2025},
  note={Retrieved from FRED, Federal Reserve Bank of St. Louis},
  url={https://fred.stlouisfed.org/series/MORTGAGE30US}
}

@article{giuliodori2005,
  title={The role of house prices in the monetary transmission mechanism across {European} countries},
  author={Giuliodori, Massimo},
  journal={Scottish Journal of Political Economy},
  volume={52},
  number={4},
  pages={519--543},
  year={2005},
  publisher={Wiley Online Library},
  doi={10.1111/j.1467-9485.2005.00354.x}
}

@article{kuttner2001,
  title={Monetary policy surprises and interest rates: Evidence from the {Fed} funds futures market},
  author={Kuttner, Kenneth N.},
  journal={Journal of Monetary Economics},
  volume={47},
  number={3},
  pages={523--544},
  year={2001},
  publisher={Elsevier},
  doi={10.1016/S0304-3932(01)00055-1}
}

@inproceedings{mishkin2007,
  title={Housing and the monetary transmission mechanism},
  author={Mishkin, Frederic S.},
  booktitle={Proceedings - Economic Policy Symposium - Jackson Hole},
  pages={359--413},
  year={2007},
  organization={Federal Reserve Bank of Kansas City}
}

@techreport{nocera2017,
  title={House prices and monetary policy in the euro area: Evidence from structural {VARs}},
  author={Nocera, Andrea and Roma, Moreno},
  number={2073},
  year={2017},
  institution={European Central Bank Working Paper Series}
}

@misc{statestreet2025,
  author={{State Street Global Advisors}},
  title={{SPDR} sector {ETF} historical data [{XLB}, {XLU}, {XLV}, {XLE}, {XLF}, {XLP}, {XLRE}, {XLK}, {XLI}, {XLY} series]},
  year={2025},
  note={Retrieved from https://www.ssga.com/us/en/intermediary/etfs/fund-finder},
  url={https://www.ssga.com/us/en/intermediary/etfs/fund-finder}
}

@article{swanson2014,
  title={Measuring the effect of the zero lower bound on medium- and longer-term interest rates},
  author={Swanson, Eric T. and Williams, John C.},
  journal={American Economic Review},
  volume={104},
  number={10},
  pages={3154--3185},
  year={2014},
  publisher={American Economic Association},
  doi={10.1257/aer.104.10.3154}
}

@inproceedings{taylor2007,
  title={Housing and monetary policy},
  author={Taylor, John B.},
  booktitle={Proceedings - Economic Policy Symposium - Jackson Hole},
  pages={463--476},
  year={2007},
  organization={Federal Reserve Bank of Kansas City}
}

@misc{census2024,
  author={{U.S. Census Bureau}},
  title={State population totals and components of change: 2020-2024 [P2]},
  year={2024},
  note={Retrieved from https://www.census.gov/data/tables/time-series/demo/popest/2020s-state-total.html},
  url={https://www.census.gov/data/tables/time-series/demo/popest/2020s-state-total.html}
}

@misc{zillow2025,
  author={{Zillow Research}},
  title={Zillow {Home Value Index} ({ZHVI}) [{Arizona} and {Florida} series]},
  year={2025},
  note={Retrieved from https://www.zillow.com/research/data/},
  url={https://www.zillow.com/research/data/}
}